<record><leader>00000cas a2200000 a 4500</leader><controlfield tag="001">11172461</controlfield><controlfield tag="008">840919c19579999caudr ne      0   a0eng c</controlfield><datafield ind1=" " ind2=" " tag="010"><subfield code="a">sn 87062117 </subfield></datafield><datafield ind1=" " ind2=" " tag="040"><subfield code="a">CDH</subfield><subfield code="b">eng</subfield><subfield code="c">CDH</subfield><subfield code="d">DLC</subfield><subfield code="d">CNK</subfield><subfield code="d">DLC</subfield><subfield code="d">CNK</subfield><subfield code="d">OCLCQ</subfield><subfield code="d">DLC</subfield><subfield code="d">OCLCQ</subfield><subfield code="d">OCLCF</subfield><subfield code="d">CUS</subfield></datafield><datafield ind1="1" ind2=" " tag="029"><subfield code="a">AU@</subfield><subfield code="b">000020677347</subfield></datafield><datafield ind1="1" ind2=" " tag="029"><subfield code="a">NZ1</subfield><subfield code="b">16075976</subfield></datafield><datafield ind1=" " ind2=" " tag="037"><subfield code="b">Press-Telegram, 604 Pine Ave., Long Beach, CA 90844</subfield></datafield><datafield ind1=" " ind2=" " tag="042"><subfield code="a">pcc</subfield></datafield><datafield ind1=" " ind2=" " tag="043"><subfield code="a">n-us-ca</subfield></datafield><datafield ind1="0" ind2="0" tag="050"><subfield code="a">Newspaper</subfield></datafield><datafield ind1=" " ind2="4" tag="050"><subfield code="a">AN</subfield></datafield><datafield ind1="0" ind2="0" tag="245"><subfield code="a">Press-telegram.</subfield></datafield><datafield ind1="1" ind2=" " tag="246"><subfield code="i">Sunday issues for Feb. 10, 1957-Feb. 22, 1981 called:</subfield><subfield code="a">Sunday independent-press-telegram</subfield></datafield><datafield ind1="1" ind2=" " tag="246"><subfield code="i">Saturday issues for May 6, 1967-Feb. 28, 1981 called:</subfield><subfield code="a">Saturday independent-press-telegram</subfield></datafield><datafield ind1="1" ind2="3" tag="246"><subfield code="a">Independent-press-telegram</subfield></datafield><datafield ind1=" " ind2=" " tag="260"><subfield code="a">Long Beach, Calif. :</subfield><subfield code="b">H.H. Ridder,</subfield><subfield code="c">1957-</subfield></datafield><datafield ind1=" " ind2=" " tag="300"><subfield code="a">v.</subfield></datafield><datafield ind1=" " ind2=" " tag="310"><subfield code="a">Daily</subfield></datafield><datafield ind1=" " ind2=" " tag="336"><subfield code="a">text</subfield><subfield code="b">txt</subfield><subfield code="2">rdacontent</subfield></datafield><datafield ind1=" " ind2=" " tag="337"><subfield code="a">unmediated</subfield><subfield code="b">n</subfield><subfield code="2">rdamedia</subfield></datafield><datafield ind1=" " ind2=" " tag="338"><subfield code="a">volume</subfield><subfield code="b">cr</subfield><subfield code="2">rdacarrier</subfield></datafield><datafield ind1="0" ind2=" " tag="362"><subfield code="a">Vol. 69, no. 319 (Feb. 4, 1957)-</subfield></datafield><datafield ind1=" " ind2=" " tag="500"><subfield code="a">"Saturday" or "Sunday" appears in large type to left of masthead on weekend issues, Oct. 2, 1977-Feb. 28, 1981, and on Sunday issues only, Sept. 9, 1990-</subfield></datafield><datafield ind1=" " ind2=" " tag="515"><subfield code="a">Weekday, Saturday, and Sunday issues each have their own numbering, -Feb. 28, 1981.</subfield></datafield><datafield ind1=" " ind2=" " tag="530"><subfield code="a">Also issued on the internet, called: PT Connect.</subfield></datafield><datafield ind1=" " ind2=" " tag="530"><subfield code="a">Available on microfilm from Bell &amp; Howell Information and Learning Co.</subfield></datafield><datafield ind1=" " ind2=" " tag="588"><subfield code="a">Latest issue consulted: Vol. 120, no. 15 (Jan. 15, 2000).</subfield></datafield><datafield ind1=" " ind2="0" tag="651"><subfield code="a">Long Beach (Calif.)</subfield><subfield code="v">Newspapers.</subfield></datafield><datafield ind1=" " ind2="7" tag="651"><subfield code="a">California</subfield><subfield code="z">Long Beach.</subfield><subfield code="2">fast</subfield><subfield code="0">(OCoLC)fst01206254</subfield></datafield><datafield ind1=" " ind2="7" tag="655"><subfield code="a">Newspapers.</subfield><subfield code="2">fast</subfield><subfield code="0">(OCoLC)fst01423814</subfield></datafield><datafield ind1="0" ind2=" " tag="740"><subfield code="a">PT connect.</subfield></datafield><datafield ind1=" " ind2=" " tag="752"><subfield code="a">United States</subfield><subfield code="b">California</subfield><subfield code="c">Los Angeles</subfield><subfield code="d">Long Beach.</subfield></datafield><datafield ind1="0" ind2=" " tag="775"><subfield code="t">Independent (Long Beach, Calif.)</subfield><subfield code="w">(DLC)sn2004061121</subfield></datafield><datafield ind1="4" ind2="1" tag="856"><subfield code="z">Online version:</subfield><subfield code="u">http://www.ptconnect.com/</subfield></datafield><datafield ind1="4" ind2="1" tag="856"><subfield code="3">EBSCOhost: 27/02/1997 to 24/07/2009</subfield><subfield code="u">http://search.ebscohost.com/login.aspx?direct=true&amp;db=nfh&amp;jn=Press-Telegram+(Long+Beach,+CA)&amp;site=ehost-live&amp;scope=site</subfield></datafield></record>